<record><leader>00000cas a22000007a 4500</leader><controlfield tag="001">28174685</controlfield><controlfield tag="008">930527d19481966cauwr ne      0    0eng d</controlfield><datafield ind1=" " ind2=" " tag="010"><subfield code="a">sn 93053284 </subfield></datafield><datafield ind1=" " ind2=" " tag="040"><subfield code="a">CNK</subfield><subfield code="b">eng</subfield><subfield code="c">CNK</subfield><subfield code="d">OCLCQ</subfield><subfield code="d">CNK</subfield><subfield code="d">OCLCQ</subfield><subfield code="d">OCLCF</subfield><subfield code="d">OCLCO</subfield></datafield><datafield ind1="1" ind2=" " tag="029"><subfield code="a">AU@</subfield><subfield code="b">000025905535</subfield></datafield><datafield ind1=" " ind2=" " tag="042"><subfield code="a">msc</subfield></datafield><datafield ind1=" " ind2=" " tag="043"><subfield code="a">n-us-ca</subfield></datafield><datafield ind1="0" ind2="0" tag="245"><subfield code="a">Baywood press.</subfield></datafield><datafield ind1=" " ind2=" " tag="260"><subfield code="a">Inverness, Calif. :</subfield><subfield code="b">Baywood Press</subfield></datafield><datafield ind1=" " ind2=" " tag="300"><subfield code="a">v.</subfield></datafield><datafield ind1=" " ind2=" " tag="310"><subfield code="a">Weekly,</subfield><subfield code="b">Jan. 12, 1950-</subfield></datafield><datafield ind1=" " ind2=" " tag="321"><subfield code="a">Semimonthly,</subfield><subfield code="b">Mar. 1, 1948-Jan. 1, 1950</subfield></datafield><datafield ind1="0" ind2=" " tag="362"><subfield code="a">Vol. 1, no. 1 (Mar. 1, 1948)-v. 16, no. 19 (Sept. 1, 1966).</subfield></datafield><datafield ind1=" " ind2=" " tag="500"><subfield code="a">Publication moved to: Point Reyes Station, Calif., Dec. 1, 1948.</subfield></datafield><datafield ind1=" " ind2="0" tag="651"><subfield code="a">Marin County (Calif.)</subfield><subfield code="v">Newspapers.</subfield></datafield><datafield ind1=" " ind2="4" tag="651"><subfield code="a">Point Reyes Station (Calif.)</subfield><subfield code="v">Newspapers.</subfield></datafield><datafield ind1=" " ind2="4" tag="651"><subfield code="a">Inverness (Calif.)</subfield><subfield code="v">Newspapers.</subfield></datafield><datafield ind1=" " ind2="7" tag="655"><subfield code="a">Newspapers.</subfield><subfield code="2">fast</subfield><subfield code="0">(OCoLC)fst01423814</subfield></datafield><datafield ind1=" " ind2="7" tag="651"><subfield code="a">California</subfield><subfield code="z">Marin County.</subfield><subfield code="2">fast</subfield><subfield code="0">(OCoLC)fst01206041</subfield></datafield><datafield ind1=" " ind2=" " tag="752"><subfield code="a">United States</subfield><subfield code="b">California</subfield><subfield code="c">Marin</subfield><subfield code="d">Point Reyes Station.</subfield></datafield><datafield ind1=" " ind2=" " tag="752"><subfield code="a">United States</subfield><subfield code="b">California</subfield><subfield code="c">Marin</subfield><subfield code="d">Inverness.</subfield></datafield><datafield ind1="0" ind2="0" tag="785"><subfield code="t">Point Reyes light</subfield><subfield code="w">(DLC)sn 93053236</subfield></datafield></record>